@inproceedings{wolinsky2012dissent,
  title={Dissent in Numbers: Making Strong Anonymity Scale.},
  author={Wolinsky, David Isaac and Corrigan-Gibbs, Henry and Ford, Bryan and Johnson, Aaron},
  booktitle={OSDI},
  pages={179--182},
  year={2012}
}
@article{borisov2015dp5,
  title={DP5: A private presence service},
  author={Borisov, Nikita and Danezis, George and Goldberg, Ian},
  journal={Proceedings on Privacy Enhancing Technologies},
  volume={2015},
  number={2},
  pages={4--24},
  year={2015},
  publisher={De Gruyter Open}
}
@incollection{lindell2005secure,
  title={Secure multiparty computation for privacy preserving data mining},
  author={Lindell, Yehida},
  booktitle={Encyclopedia of Data Warehousing and Mining},
  pages={1005--1009},
  year={2005},
  publisher={IGI Global}
}
@article{parno2016pinocchio,
  title={Pinocchio: Nearly practical verifiable computation},
  author={Parno, Bryan and Howell, Jon and Gentry, Craig and Raykova, Mariana},
  journal={Communications of the ACM},
  volume={59},
  number={2},
  pages={103--112},
  year={2016},
  publisher={ACM}
}
@incollection{ben2013snarks,
  title={SNARKs for C: Verifying program executions succinctly and in zero knowledge},
  author={Ben-Sasson, Eli and Chiesa, Alessandro and Genkin, Daniel and Tromer, Eran and Virza, Madars},
  booktitle={Advances in Cryptology--CRYPTO 2013},
  pages={90--108},
  year={2013},
  publisher={Springer}
}
@inproceedings{miers2013zerocoin,
  title={Zerocoin: Anonymous distributed e-cash from bitcoin},
  author={Miers, Ian and Garman, Christina and Green, Matthew and Rubin, Aviel D},
  booktitle={Security and Privacy (SP), 2013 IEEE Symposium on},
  pages={397--411},
  year={2013},
  organization={IEEE}
}
@inproceedings{bogetoft2009secure,
  title={Secure multiparty computation goes live},
  author={Bogetoft, Peter and Christensen, Dan Lund and Damg{\aa}rd, Ivan and Geisler, Martin and Jakobsen, Thomas and Kr{\o}igaard, Mikkel and Nielsen, Janus Dam and Nielsen, Jesper Buus and Nielsen, Kurt and Pagter, Jakob and others},
  booktitle={International Conference on Financial Cryptography and Data Security},
  pages={325--343},
  year={2009},
  organization={Springer}
}
@inproceedings{yao1982protocols,
  title={Protocols for secure computations},
  author={Yao, Andrew C},
  booktitle={Foundations of Computer Science, 1982. SFCS'08. 23rd Annual Symposium on},
  pages={160--164},
  year={1982},
  organization={IEEE}
}
@inproceedings{dwork2008differential,
  title={Differential privacy: A survey of results},
  author={Dwork, Cynthia},
  booktitle={International Conference on Theory and Applications of Models of Computation},
  pages={1--19},
  year={2008},
  organization={Springer}
}
@inproceedings{erlingsson2014rappor,
  title={Rappor: Randomized aggregatable privacy-preserving ordinal response},
  author={Erlingsson, {\'U}lfar and Pihur, Vasyl and Korolova, Aleksandra},
  booktitle={Proceedings of the 2014 ACM SIGSAC conference on computer and communications security},
  pages={1054--1067},
  year={2014},
  organization={ACM}
}
