@article{granville_2018, 
    title={Facebook and Cambridge Analytica: What You Need to Know as Fallout Widens}, 
    url={https://www.nytimes.com/2018/03/19/technology/facebook-cambridge-analytica-explained.html}, 
    journal={The New York Times}, 
    author={Granville, Kevin}, 
    year={2018}, 
    month={Mar}
}

@article{welch_2018, 
    title={More people are taking Facebook breaks and deleting the app from their phones}, 
    url={https://www.theverge.com/2018/9/5/17822736/facebook-break-delete-app}, 
    journal={The Verge}, 
    author={Welch, Chris}, 
    year={2018}, 
    month={Sep}
}

@article{demmler2018pir,
  title={PIR-PSI: Scaling Private Contact Discovery},
  author={Demmler, Daniel and Rindal, Peter and Rosulek, Mike and Trieu, Ni},
  year={2018}
}

@article{borisov2015dp5,
  title={DP5: A private presence service},
  author={Borisov, Nikita and Danezis, George and Goldberg, Ian},
  journal={Proceedings on Privacy Enhancing Technologies},
  volume={2015},
  number={2},
  pages={4--24},
  year={2015},
  publisher={De Gruyter Open}
}

@inproceedings{erlingsson2014rappor,
  title={Rappor: Randomized aggregatable privacy-preserving ordinal response},
  author={Erlingsson, {\'U}lfar and Pihur, Vasyl and Korolova, Aleksandra},
  booktitle={Proceedings of the 2014 ACM SIGSAC conference on computer and communications security},
  pages={1054--1067},
  year={2014},
  organization={ACM}
}

@inproceedings{bogetoft2009secure,
  title={Secure multiparty computation goes live},
  author={Bogetoft, Peter and Christensen, Dan Lund and Damg{\aa}rd, Ivan and Geisler, Martin and Jakobsen, Thomas and Kr{\o}igaard, Mikkel and Nielsen, Janus Dam and Nielsen, Jesper Buus and Nielsen, Kurt and Pagter, Jakob and others},
  booktitle={International Conference on Financial Cryptography and Data Security},
  pages={325--343},
  year={2009},
  organization={Springer}
}

@inproceedings{wolinsky2012dissent,
  title={Dissent in Numbers: Making Strong Anonymity Scale.},
  author={Wolinsky, David Isaac and Corrigan-Gibbs, Henry and Ford, Bryan and Johnson, Aaron},
  booktitle={OSDI},
  pages={179--182},
  year={2012}
}

@incollection{ben2013snarks,
  title={SNARKs for C: Verifying program executions succinctly and in zero knowledge},
  author={Ben-Sasson, Eli and Chiesa, Alessandro and Genkin, Daniel and Tromer, Eran and Virza, Madars},
  booktitle={Advances in Cryptology--CRYPTO 2013},
  pages={90--108},
  year={2013},
  publisher={Springer}
}

@inproceedings{parno2013pinocchio,
  title={Pinocchio: Nearly practical verifiable computation},
  author={Parno, Bryan and Howell, Jon and Gentry, Craig and Raykova, Mariana},
  booktitle={2013 IEEE Symposium on Security and Privacy},
  pages={238--252},
  year={2013},
  organization={IEEE}
}

@inproceedings{yao1982protocols,
  title={Protocols for secure computations},
  author={Yao, Andrew C},
  booktitle={Foundations of Computer Science, 1982. SFCS'08. 23rd Annual Symposium on},
  pages={160--164},
  year={1982},
  organization={IEEE}
}

@incollection{lindell2005secure,
  title={Secure multiparty computation for privacy preserving data mining},
  author={Lindell, Yehida},
  booktitle={Encyclopedia of Data Warehousing and Mining},
  pages={1005--1009},
  year={2005},
  publisher={IGI Global}
}

@inproceedings{dwork2008differential,
  title={Differential privacy: A survey of results},
  author={Dwork, Cynthia},
  booktitle={International Conference on Theory and Applications of Models of Computation},
  pages={1--19},
  year={2008},
  organization={Springer}
}

@inproceedings{miers2013zerocoin,
  title={Zerocoin: Anonymous distributed e-cash from bitcoin},
  author={Miers, Ian and Garman, Christina and Green, Matthew and Rubin, Aviel D},
  booktitle={Security and Privacy (SP), 2013 IEEE Symposium on},
  pages={397--411},
  year={2013},
  organization={IEEE}
}

@article{marlinspike_2014,
    title={The Difficulty Of Private Contact Discovery},
    url={https://signal.org/blog/contact-discovery/},
    journal={Signal Blog},
    author={Marlinspike, Moxie},
    year={2014},
    month={Jan}
}

@article{marlinspike_2017,
    title={Technology preview: Private contact discovery for Signal},
    url={https://signal.org/blog/private-contact-discovery/},
    journal={Signal Blog},
    author={Marlinspike, Moxie},
    year={2017},
    month={Sep}
}

@inproceedings{van2018foreshadow,
  title={Foreshadow: Extracting the keys to the Intel SGX kingdom with transient out-of-order execution},
  author={Van Bulck, Jo and Minkin, Marina and Weisse, Ofir and Genkin, Daniel and Kasikci, Baris and Piessens, Frank and Silberstein, Mark and Wenisch, Thomas F and Yarom, Yuval and Strackx, Raoul},
  booktitle={Proceedings of the 27th USENIX Security Symposium. USENIX Association},
  year={2018}
}

@inproceedings{chor1995private,
  title={Private information retrieval},
  author={Chor, Benny and Goldreich, Oded and Kushilevitz, Eyal and Sudan, Madhu},
  booktitle={Foundations of Computer Science, 1995. Proceedings., 36th Annual Symposium on},
  pages={41--50},
  year={1995},
  organization={IEEE}
}

@inproceedings{beimel2002robust,
  title={Robust information-theoretic private information retrieval},
  author={Beimel, Amos and Stahl, Yoav},
  booktitle={International Conference on Security in Communication Networks},
  pages={326--341},
  year={2002},
  organization={Springer}
}

@article{aguilar2016xpir,
  title={XPIR: Private information retrieval for everyone},
  author={Aguilar-Melchor, Carlos and Barrier, Joris and Fousse, Laurent and Killijian, Marc-Olivier},
  journal={Proceedings on Privacy Enhancing Technologies},
  volume={2016},
  number={2},
  pages={155--174},
  year={2016},
  publisher={De Gruyter Open}
}

@inproceedings{devet2012optimally,
  title={Optimally Robust Private Information Retrieval.},
  author={Devet, Casey and Goldberg, Ian and Heninger, Nadia},
  booktitle={USENIX Security Symposium},
  pages={269--283},
  year={2012}
}

@inproceedings{mittal2011pir,
  title={PIR-Tor: Scalable Anonymous Communication Using Private Information Retrieval.},
  author={Mittal, Prateek and Olumofin, Femi G and Troncoso, Carmela and Borisov, Nikita and Goldberg, Ian},
  booktitle={USENIX Security Symposium},
  pages={31},
  year={2011}
}

@inproceedings{demmler2014raid,
  title={Raid-pir: Practical multi-server pir},
  author={Demmler, Daniel and Herzberg, Amir and Schneider, Thomas},
  booktitle={Proceedings of the 6th edition of the ACM Workshop on Cloud Computing Security},
  pages={45--56},
  year={2014},
  organization={ACM}
}

@inproceedings{dong2014fast,
  title={A fast single server private information retrieval protocol with low communication cost},
  author={Dong, Changyu and Chen, Liqun},
  booktitle={European Symposium on Research in Computer Security},
  pages={380--399},
  year={2014},
  organization={Springer}
}

@inproceedings{gentry2005single,
  title={Single-database private information retrieval with constant communication rate},
  author={Gentry, Craig and Ramzan, Zulfikar},
  booktitle={International Colloquium on Automata, Languages, and Programming},
  pages={803--815},
  year={2005},
  organization={Springer}
}

@inproceedings{freedman2004efficient,
  title={Efficient private matching and set intersection},
  author={Freedman, Michael J and Nissim, Kobbi and Pinkas, Benny},
  booktitle={International conference on the theory and applications of cryptographic techniques},
  pages={1--19},
  year={2004},
  organization={Springer}
}

@inproceedings{syverson2004tor,
  title={Tor: The secondgeneration onion router},
  author={Syverson, Paul and Dingledine, R and Mathewson, N},
  booktitle={Usenix Security},
  year={2004}
}

@article{chaum1988dining,
  title={The dining cryptographers problem: Unconditional sender and recipient untraceability},
  author={Chaum, David},
  journal={Journal of cryptology},
  volume={1},
  number={1},
  pages={65--75},
  year={1988},
  publisher={Springer}
}

@inproceedings{corrigan2010dissent,
  title={Dissent: accountable anonymous group messaging},
  author={Corrigan-Gibbs, Henry and Ford, Bryan},
  booktitle={Proceedings of the 17th ACM conference on Computer and communications security},
  pages={340--350},
  year={2010},
  organization={ACM}
}

@techreport{goel2003herbivore,
  title={Herbivore: A scalable and efficient protocol for anonymous communication},
  author={Goel, Sharad and Robson, Mark and Polte, Milo and Sirer, Emin},
  year={2003},
  institution={Cornell University}
}

@article{venkatadri1investigating,
  title={Investigating sources of PII used in Facebook’s targeted advertising},
  author={Venkatadri, Giridhari and Lucherini, Elena and Sapiezynski, Piotr and Mislove, Alan},
  journal={Proceedings on Privacy Enhancing Technologies},
  volume={1},
  pages={18}
}

@article{fung_2017, title={Equifax’s massive 2017 data breach keeps getting worse},
    url={https://www.washingtonpost.com/news/the-switch/wp/2018/03/01/equifax-keeps-finding-millions-more-people-who-were-affected-by-its-massive-data-breach/?noredirect=on&utm_term=.bb115092e372},
    journal={The Washington Post},
    author={Fung, Brian},
    year={2017},
    month={Mar}
}

@article{scaife2018oniondns,
  title={OnionDNS: A seizure-resistant top-level domain},
  author={Scaife, Nolen and Carter, Henry and Lidsky, Lyrissa and Jones, Rachael L and Traynor, Patrick},
  journal={International Journal of Information Security},
  volume={17},
  number={6},
  pages={645--660},
  year={2018},
  publisher={Springer}
}

@article{shamir1979share,
  title={How to share a secret},
  author={Shamir, Adi},
  journal={Communications of the ACM},
  volume={22},
  number={11},
  pages={612--613},
  year={1979},
  publisher={ACm}
}

@inproceedings{sion2005query,
  title={Query execution assurance for outsourced databases},
  author={Sion, Radu},
  booktitle={Proceedings of the 31st international conference on Very large data bases},
  pages={601--612},
  year={2005},
  organization={VLDB Endowment}
}

@inproceedings{anati2013innovative,
  title={Innovative technology for CPU based attestation and sealing},
  author={Anati, Ittai and Gueron, Shay and Johnson, Simon and Scarlata, Vincent},
  booktitle={Proceedings of the 2nd international workshop on hardware and architectural support for security and privacy},
  volume={13},
  year={2013},
  organization={ACM New York, NY, USA}
}

@book{gentry2009fully,
  title={A fully homomorphic encryption scheme},
  author={Gentry, Craig and Boneh, Dan},
  volume={20},
  number={09},
  year={2009},
  publisher={Stanford University Stanford}
}

@article{nakamoto2008bitcoin,
  title={Bitcoin: A peer-to-peer electronic cash system},
  author={Nakamoto, Satoshi},
  year={2008},
  publisher={Working Paper}
}

@inproceedings{camenisch2002dynamic,
  title={Dynamic accumulators and application to efficient revocation of anonymous credentials},
  author={Camenisch, Jan and Lysyanskaya, Anna},
  booktitle={Annual International Cryptology Conference},
  pages={61--76},
  year={2002},
  organization={Springer}
}

@inproceedings{dinur2003revealing,
  title={Revealing information while preserving privacy},
  author={Dinur, Irit and Nissim, Kobbi},
  booktitle={Proceedings of the twenty-second ACM SIGMOD-SIGACT-SIGART symposium on Principles of database systems},
  pages={202--210},
  year={2003},
  organization={ACM}
}

@inproceedings{mcsherry2007mechanism,
  title={Mechanism design via differential privacy},
  author={McSherry, Frank and Talwar, Kunal},
  booktitle={Foundations of Computer Science, 2007. FOCS'07. 48th Annual IEEE Symposium on},
  pages={94--103},
  year={2007},
  organization={IEEE}
}

@inproceedings{van2015vuvuzela,
  title={Vuvuzela: Scalable private messaging resistant to traffic analysis},
  author={Van Den Hooff, Jelle and Lazar, David and Zaharia, Matei and Zeldovich, Nickolai},
  booktitle={Proceedings of the 25th Symposium on Operating Systems Principles},
  pages={137--152},
  year={2015},
  organization={ACM}
}

@inproceedings{borisov2004off,
  title={Off-the-record communication, or, why not to use PGP},
  author={Borisov, Nikita and Goldberg, Ian and Brewer, Eric},
  booktitle={Proceedings of the 2004 ACM workshop on Privacy in the electronic society},
  pages={77--84},
  year={2004},
  organization={ACM}
}

